%% This BibTeX bibliography file was created using BibDesk.
%% http://bibdesk.sourceforge.net/


%% Created for Andrea Vedaldi at 2014-04-16 10:10:12 +0100 


%% Saved with string encoding Unicode (UTF-8) 

@string{aistats = {Proc. {AISTATS}}}

@string{bmvc = {Proc. {BMVC}}}

@string{cvpr = {Proc. {CVPR}}}

@string{eccv = {Proc. {ECCV}}}

@string{iccv = {Proc. {ICCV}}}

@string{icip = {Proc. {ICIP}}}

@string{icml = {Proc. {ICML}}}

@string{icpr = {Proc. {ICPR}}}

@string{ijcv = {{IJCV}}}

@string{inria = {{INRIA}}}

@string{mit = {{MIT}}}

@string{nips = {Proc. {NIPS}}}

@string{pami = {{PAMI}}}

@string{siggraph = {Proc. {SIGGRAPH}}}

@inproceedings{krizhevsky12imagenet,
	Author = {A. Krizhevsky and I. Sutskever and G. E. Hinton},
	Booktitle = nips,
	Title = {ImageNet Classification with Deep Convolutional Neural Networks},
	Year = {2012}}
